@Article{Guest2006,
  author       = {S.D Guest and S Pellegrino},
  date         = {2006-01},
  journaltitle = {Proceedings of the Royal Society A: Mathematical, Physical and Engineering Sciences},
  title        = {Analytical models for bistable cylindrical shells},
  doi          = {10.1098/rspa.2005.1598},
  number       = {2067},
  pages        = {839--854},
  volume       = {462},
  publisher    = {The Royal Society},
  ranking      = {rank5},
  readstatus   = {read},
}

@InProceedings{Seki2019,
  author    = {Shuhei Seki and Yasuhiro Tani and Shigeru Aso},
  booktitle = {{AIAA} Scitech 2019 Forum},
  date      = {2019-01},
  title     = {An Experimental Study on Passive Ventilation Wing with Porous Surfaces for Gust Load Alleviation},
  doi       = {10.2514/6.2019-1105},
  publisher = {American Institute of Aeronautics and Astronautics},
}

@Article{Arrieta2014,
  author       = {Andres F. Arrieta and Izabela K. Kuder and Mathias Rist and Tobias Waeber and Paolo Ermanni},
  date         = {2014-09},
  journaltitle = {Composite Structures},
  title        = {Passive load alleviation aerofoil concept with variable stiffness multi-stable composites},
  doi          = {10.1016/j.compstruct.2014.05.016},
  pages        = {235--242},
  volume       = {116},
  publisher    = {Elsevier {BV}},
}

@Article{Runkel2016,
  author       = {F. Runkel and A. Reber and G. Molinari and A.F. Arrieta and P. Ermanni},
  date         = {2016-07},
  journaltitle = {Composite Structures},
  title        = {Passive twisting of composite beam structures by elastic instabilities},
  doi          = {10.1016/j.compstruct.2016.02.080},
  pages        = {274--285},
  volume       = {147},
  publisher    = {Elsevier {BV}},
}

@Article{Castrichini2017,
  author       = {A. Castrichini and J. E. Cooper and T. Wilson and A. Carrella and Y. Lemmens},
  date         = {2017-03},
  journaltitle = {Journal of Aircraft},
  title        = {Nonlinear Negative Stiffness Wingtip Spring Device for Gust Loads Alleviation},
  doi          = {10.2514/1.c033887},
  number       = {2},
  pages        = {627--641},
  volume       = {54},
  publisher    = {American Institute of Aeronautics and Astronautics ({AIAA})},
  readstatus   = {skimmed},
}

@Article{Daynes2010,
  author       = {Daynes, S and Nall, S and Weaver, P and Potter, K and Margaris, P and Mellor, P},
  date         = {2010-01},
  journaltitle = {Journal of Aircraft},
  title        = {Bistable Composite Flap for an Airfoil},
  doi          = {10.2514/1.45389},
  number       = {1},
  pages        = {334-338},
  volume       = {47},
  publisher    = {American Institute of Aeronautics and Astronautics (AIAA)},
  readstatus   = {skimmed},
}

@Article{Chillara2019,
  author       = {Chillara, V and Dapino, M},
  date         = {2019-12},
  journaltitle = {Composite Structures},
  title        = {Bistable laminates with non-cylindrical curved shapes},
  doi          = {10.1016/j.compstruct.2019.111502},
  pages        = {111502},
  volume       = {230},
  publisher    = {Elsevier BV},
}

@Article{Wu2019,
  author    = {Wu, Z and Cao, Y and Ismail, M},
  journal   = {The Aeronautical Journal},
  title     = {Gust loads on aircraft},
  year      = {2019},
  month     = {6},
  number    = {1266},
  pages     = {1216-1274},
  volume    = {123},
  date      = {2019-06-25},
  day       = {25},
  doi       = {10.1017/aer.2019.48},
  publisher = {Cambridge University Press (CUP)},
}

@Article{Alam2015,
  author    = {Alam, Mushfiqul and Hromcik, Martin and Hanis, Tomas},
  journal   = {Aerospace Science and Technology},
  title     = {Active gust load alleviation system for flexible aircraft: Mixed feedforward/feedback approach},
  year      = {2015},
  month     = {2},
  pages     = {122-133},
  volume    = {41},
  date      = {2015-02},
  doi       = {10.1016/j.ast.2014.12.020},
  publisher = {Elsevier BV},
}

@Article{Liu2015,
  author    = {Liu, Yue and Zwingmann, Bernd and Schlaich, Mike},
  journal   = {Polymers},
  title     = {Carbon Fiber Reinforced Polymer for Cable Structuresâ€”A Review},
  year      = {2015},
  month     = {10},
  number    = {10},
  pages     = {2078-2099},
  volume    = {7},
  date      = {2015-10-22},
  day       = {22},
  doi       = {10.3390/polym7101501},
  publisher = {MDPI AG},
}

@Comment{jabref-meta: databaseType:bibtex;}
